@article{knuth:1984,
  title={Literate Programming},
  author={Donald E. Knuth},
  journal={The Computer Journal},
  volume={27},
  number={2},
  pages={97--111},
  year={1984},
  publisher={Oxford University Press}
}

@online{Blake:2012,
  author={Anthony Blake},
  title={Computing the Fast Fourier Transform on SIMD Microprocessors},
  year={2012},
  url={https://www.cs.waikato.ac.nz/~ihw/PhD_theses/Anthony_Blake.pdf},
  urldate = {2021-10-13}
}

@online{Liu:2021,
  author={Bo Liu},
  title={Parallel Fast Fourier Transform},
  year={N/A},
  url={https://cs.wmich.edu/gupta/teaching/cs5260/5260Sp15web/studentProjects/tiba&hussein/03278999.pdf},
  urldate = {2021-10-13}
}

@online{Maklin:2019,
  author={Cory Maklin},
  title={Fast Fourier Transform},
  year={2019},
  url={https://towardsdatascience.com/fast-fourier-transform-937926e591cb},
  urldate = {2021-10-13}
}

@online{3Blue1Brown:2018,
  author={3Blue1Brown},
  title={But what is the Fourier Transform? A visual introduction.},
  year={2018},
  url={https://www.youtube.com/watch?v=spUNpyF58BY},
  urldate = {2021-10-13}
}

@online{Slutskin:2021,
  author={Keith Slutskin},
  title={Into The Fray With SIMD},
  year={2021},
  url={https://www.cs.umd.edu/users/meesh/cmsc411/website/projects/SIMDproj/project.html#:~:text=The%20applications%20of%20SIMD%20include,overall%20performance%20in%20all%20applications.},
  urldate = {2021-10-13}
}

@online{Konstantin:2020,
  author={Konstantin},
  title={Improving performance with SIMD intrinsics in three use cases},
  year={2020},
  url={https://stackoverflow.blog/2020/07/08/improving-performance-with-simd-intrinsics-in-three-use-cases/},
  urldate = {2021-10-13}
}

@online{Thulasiraman:2021,
  author={Parimala Thulasiraman},
  title={Multithreaded Algorithms for the Fast Fourier Transform},
  year={2020},
  url={https://citeseerx.ist.psu.edu/viewdoc/download?doi=10.1.1.111.5897&rep=rep1&type=pdf},
  urldate = {2021-10-13}
}